@ONLINE {MonetDBHome,
    title = "MonetDB",
    year  = "2017",
    url   = "https://www.monetdb.org/Home"
}

@article{DBLP:journals/debu/IdreosGNMMK12,
  author    = {Stratos Idreos and
               Fabian Groffen and
               Niels Nes and
               Stefan Manegold and
               K. Sjoerd Mullender and
               Martin L. Kersten},
  title     = {MonetDB: Two Decades of Research in Column-oriented Database
Architectures},
  journal   = {{IEEE} Data Eng. Bull.},
  volume    = {35},
  number    = {1},
  pages     = {40--45},
  year      = {2012},
  url       = {http://sites.computer.org/debull/A12mar/monetdb.pdf},
  timestamp = {Tue, 17 Apr 2012 13:08:58 +0200},
  biburl    = {http://dblp.uni-trier.de/rec/bib/journals/debu/IdreosGNMMK12},
  bibsource = {dblp computer science bibliography, http://dblp.org}
}

@ONLINE {KLangTutorial,
    author = "Dennis Shasha",
    title  = "K as a Prototyping Language",
    year   = "2002",
    url    = "http://www.cs.nyu.edu/courses/fall02/G22.3033-007/kintro.html"
}

@BOOK {QLangTutorial,
    author    = "Jeffry A. Borror",
    title     = "Q For Mortals: A Tutorial In Q Programming",
    publisher = "CreateSpace",
    year      = "2008",
    edition   = "first",
    month     = "mar"
}

@ONLINE {HowFastCanAPLBe,
    author = "Roy E. Lowrance",
    title  = "How Fast Can APL Be?",
    month  = "feb",
    year   = "2009",
    url    = "http://www.cs.nyu.edu/manycores/pres.pdf"
}

@ONLINE {MALUDF,
    author = "MonetDB",
    title  = "Functions",
    year   = "2017",
    url    =
"https://www.monetdb.org/Documentation/Manuals/MonetDB/MAL/Functions"
}

@ONLINE {ExternUDF,
    author = "MonetDB",
    title  = "User Defined Functions",
    year   = "2017",
    url    =
"https://www.monetdb.org/Documentation/Cookbooks/SQLrecipes/UserDefinedFunction
"
}

@inproceedings{DBLP:conf/sigmod/PolychroniouRR15,
  author    = {Orestis Polychroniou and
               Arun Raghavan and
               Kenneth A. Ross},
  title     = {Rethinking {SIMD} Vectorization for In-Memory Databases},
  booktitle = {Proceedings of the 2015 {ACM} {SIGMOD} International Conference
on
               Management of Data, Melbourne, Victoria, Australia, May 31 -
June
               4, 2015},
  pages     = {1493--1508},
  year      = {2015},
  crossref  = {DBLP:conf/sigmod/2015},
  url       = {http://doi.acm.org/10.1145/2723372.2747645},
  doi       = {10.1145/2723372.2747645},
  timestamp = {Thu, 12 Nov 2015 16:33:38 +0100},
  biburl    = {http://dblp.uni-trier.de/rec/bib/conf/sigmod/PolychroniouRR15},
  bibsource = {dblp computer science bibliography, http://dblp.org}
}

@proceedings{DBLP:conf/sigmod/2015,
  editor    = {Timos K. Sellis and
               Susan B. Davidson and
               Zachary G. Ives},
  title     = {Proceedings of the 2015 {ACM} {SIGMOD} International Conference
on
               Management of Data, Melbourne, Victoria, Australia, May 31 -
June
               4, 2015},
  publisher = {{ACM}},
  year      = {2015},
  url       = {http://dl.acm.org/citation.cfm?id=2723372},
  isbn      = {978-1-4503-2758-9},
  timestamp = {Thu, 12 Nov 2015 16:33:38 +0100},
  biburl    = {http://dblp.uni-trier.de/rec/bib/conf/sigmod/2015},
  bibsource = {dblp computer science bibliography, http://dblp.org}
}

@inproceedings{DBLP:conf/sigmod/ZhouR02,
  author    = {Jingren Zhou and
               Kenneth A. Ross},
  title     = {Implementing database operations using {SIMD} instructions},
  booktitle = {Proceedings of the 2002 {ACM} {SIGMOD} International Conference
on
               Management of Data, Madison, Wisconsin, June 3-6, 2002},
  pages     = {145--156},
  year      = {2002},
  crossref  = {DBLP:conf/sigmod/2002},
  url       = {http://doi.acm.org/10.1145/564691.564709},
  doi       = {10.1145/564691.564709},
  timestamp = {Thu, 06 Feb 2003 11:02:35 +0100},
  biburl    = {http://dblp.uni-trier.de/rec/bib/conf/sigmod/ZhouR02},
  bibsource = {dblp computer science bibliography, http://dblp.org}
}

@proceedings{DBLP:conf/sigmod/2002,
  editor    = {Michael J. Franklin and
               Bongki Moon and
               Anastassia Ailamaki},
  title     = {Proceedings of the 2002 {ACM} {SIGMOD} International Conference
on
               Management of Data, Madison, Wisconsin, June 3-6, 2002},
  publisher = {{ACM}},
  year      = {2002},
  isbn      = {1-58113-497-5},
  timestamp = {Thu, 06 Feb 2003 11:02:35 +0100},
  biburl    = {http://dblp.uni-trier.de/rec/bib/conf/sigmod/2002},
  bibsource = {dblp computer science bibliography, http://dblp.org}
}

@inproceedings{DBLP:conf/ica3pp/CremerBMM16,
  author    = {Samuel Cremer and
               Michel Bagein and
               Sa{\"{\i}}d Mahmoudi and
               Pierre Manneback},
  title     = {Efficiency of GPUs for Relational Database Engine Processing},
  booktitle = {Algorithms and Architectures for Parallel Processing - {ICA3PP}
2016
               Collocated Workshops: SCDT, TAPEMS, BigTrust, UCER, DLMCS,
Granada,
               Spain, December 14-16, 2016, Proceedings},
  pages     = {226--233},
  year      = {2016},
  crossref  = {DBLP:conf/ica3pp/2016w},
  url       = {https://doi.org/10.1007/978-3-319-49956-7_18},
  doi       = {10.1007/978-3-319-49956-7_18},
  timestamp = {Thu, 15 Jun 2017 21:35:37 +0200},
  biburl    = {http://dblp.uni-trier.de/rec/bib/conf/ica3pp/CremerBMM16},
  bibsource = {dblp computer science bibliography, http://dblp.org}
}

@proceedings{DBLP:conf/ica3pp/2016w,
  editor    = {Jes{\'{u}}s Carretero and
               Javier Garc{\'{\i}}a Blas and
               Victor Gergel and
               Vladimir V. Voevodin and
               Iosif Meyerov and
               Juan A. Rico{-}Gallego and
               Juan Carlos D{\'{\i}}az Mart{\'{\i}}n and
               Pedro Alonso and
               Juan Jos{\'{e}} Durillo and
               Jos{\'{e}} Daniel Garc{\'{\i}}a S{\'{a}}nchez and
               Alexey L. Lastovetsky and
               Fabrizio Marozzo and
               Qin Liu and
               Md. Zakirul Alam Bhuiyan and
               Karl F{\"{u}}rlinger and
               Josef Weidendorfer and
               Jos{\'{e}} Gracia},
  title     = {Algorithms and Architectures for Parallel Processing - {ICA3PP}
2016
               Collocated Workshops: SCDT, TAPEMS, BigTrust, UCER, DLMCS,
Granada,
               Spain, December 14-16, 2016, Proceedings},
  series    = {Lecture Notes in Computer Science},
  volume    = {10049},
  publisher = {Springer},
  year      = {2016},
  url       = {https://doi.org/10.1007/978-3-319-49956-7},
  doi       = {10.1007/978-3-319-49956-7},
  isbn      = {978-3-319-49955-0},
  timestamp = {Thu, 15 Jun 2017 21:35:37 +0200},
  biburl    = {http://dblp.uni-trier.de/rec/bib/conf/ica3pp/2016w},
  bibsource = {dblp computer science bibliography, http://dblp.org}
}

@inproceedings{DBLP:conf/pldi/ImamSLK14,
  author    = {Shams Mahmood Imam and
               Vivek Sarkar and
               David Leibs and
               Peter B. Kessler},
  title     = {Exploiting Implicit Parallelism in Dynamic Array Programming
Languages},
  booktitle = {ARRAY'14: Proceedings of the 2014 {ACM} {SIGPLAN} International
Workshop
               on Libraries, Languages, and Compilers for Array Programming,
Edinburgh,
               United Kingdom, June 12-13, 2014},
  pages     = {1--7},
  year      = {2014},
  crossref  = {DBLP:conf/pldi/2014array},
  url       = {http://doi.acm.org/10.1145/2627373.2627374},
  doi       = {10.1145/2627373.2627374},
  timestamp = {Wed, 22 Apr 2015 16:42:02 +0200},
  biburl    = {http://dblp.uni-trier.de/rec/bib/conf/pldi/ImamSLK14},
  bibsource = {dblp computer science bibliography, http://dblp.org}
}

@proceedings{DBLP:conf/pldi/2014array,
  editor    = {Laurie J. Hendren and
               Alex Rubinsteyn and
               Mary Sheeran and
               Jan Vitek},
  title     = {ARRAY'14: Proceedings of the 2014 {ACM} {SIGPLAN} International
Workshop
               on Libraries, Languages, and Compilers for Array Programming,
Edinburgh,
               United Kingdom, June 12-13, 2014},
  publisher = {{ACM}},
  year      = {2014},
  url       = {http://dl.acm.org/citation.cfm?id=2627373},
  isbn      = {978-1-4503-2937-8},
  timestamp = {Wed, 22 Apr 2015 16:42:02 +0200},
  biburl    = {http://dblp.uni-trier.de/rec/bib/conf/pldi/2014array},
  bibsource = {dblp computer science bibliography, http://dblp.org}
}

@ONLINE {MonetDBPolymorphism,
    author = "MonetDB",
    title  = "Polymorphism",
    year   = "2017",
    url    =
"https://www.monetdb.org/Documentation/Manuals/MonetDB/MAL/Polymorphism"
}

@ONLINE {ANTLRHome,
    author = "ANTLR",
    title  = "ANTLR",
    year   = "2014",
    url    = "http://www.antlr.org"
}